% Encoding: UTF-8

@InBook{Hajian2019,
  author    = {Hajian, Majid},
  title     = {Safety Service Worker},
  booktitle = {Progressive Web Apps with Angular: Create Responsive, Fast and Reliable PWAs Using Angular},
  year      = {2019},
  publisher = {Apress},
  isbn      = {978-1-4842-4448-7},
  pages     = {283--288},
  doi       = {10.1007/978-1-4842-4448-7_11},
  address   = {Berkeley, CA},
}

@Book{Rojas2020,
  author    = {Rojas, Carlos},
  title     = {Building Progressive Web Applications with Vue.js : Reliable, Fast, and Engaging Apps with Vue.js},
  year      = {2020},
  publisher = {Apress},
  isbn      = {978-1-4842-5334-2},
  doi       = {10.1007/978-1-4842-5334-2},
  address   = {Berkeley, CA},
}

@InProceedings{10.1145/3001854.3001863,
  author    = {Malavolta, Ivano},
  title     = {Beyond Native Apps: Web Technologies to the Rescue! (Keynote)},
  booktitle = {Proceedings of the 1st International Workshop on Mobile Development},
  year      = {2016},
  series    = {Mobile! 2016},
  publisher = {Association for Computing Machinery},
  location  = {Amsterdam, Netherlands},
  isbn      = {9781450346436},
  pages     = {1–2},
  doi       = {10.1145/3001854.3001863},
  address   = {New York, NY, USA},
  keywords  = {Mobile applications, Mobile web, Progressive web apps, Hybrid development frameworks},
  numpages  = {2},
}

@Book{Sheppard2017,
  author    = {Sheppard, Dennis},
  title     = {Beginning Progressive Web App Development: Creating a Native App Experience on the Web},
  year      = {2017},
  publisher = {Apress},
  isbn      = {978-1-4842-3090-9},
  doi       = {https://doi.org/10.1007/978-1-4842-3090-9},
  address   = {Berkeley, CA},
}

@Article{majchrzak2018,
  author = {Majchrzak, Tim A and Bi{\o}rn-Hansen, Andreas and Gr{\o}nli, Tor-Morten},
  title  = {Progressive web apps: the definite approach to cross-platform development?},
  year   = {2018},
}

@Article{ELKASSAS2017163,
  author  = {Wafaa S. El-Kassas and Bassem A. Abdullah and Ahmed H. Yousef and Ayman M. Wahba},
  title   = {Taxonomy of Cross-Platform Mobile Applications Development Approaches},
  journal = {Ain Shams Engineering Journal},
  year    = {2017},
  volume  = {8},
  number  = {2},
  pages   = {163 - 190},
  issn    = {2090-4479},
  doi     = {https://doi.org/10.1016/j.asej.2015.08.004},
  url     = {http://www.sciencedirect.com/science/article/pii/S2090447915001276},
}

@Online{mobile-browser-deutschland,
  author    = {StatCounter},
  title     = {Marktanteile der führenden mobilen Browser an der Internetnutzung mit Mobiltelefonen in Deutschland von Januar 2009 bis März 2020},
  year      = {2020},
  date      = {2020-04-24},
  url       = {https://de.statista.com/statistik/daten/studie/184297/umfrage/marktanteile-mobiler-browser-bei-der-internetnutzung-in-deutschland-seit-2009/},
  urldate   = {2020-05-09},
  timestamp = {2020-05-09},
}

@Online{browser-deutschland,
  author    = {StatCounter},
  title     = {Marktanteile der führenden Browserfamilien an der Internetnutzung in Deutschland von Januar 2009 bis März 2020},
  year      = {2020},
  date      = {2020-04-24},
  url       = {https://de.statista.com/statistik/daten/studie/13007/umfrage/marktanteile-der-browser-bei-der-internetnutzung-in-deutschland-seit-2009/},
  urldate   = {2020-05-09},
  timestamp = {2020-05-09},
}

@Article{KHAN2019289,
  author  = {Asharul Islam Khan and Ali Al-Badi and Mahmood Al-Kindi},
  title   = {Progressive Web Application Assessment Using AHP},
  journal = {Procedia Computer Science},
  year    = {2019},
  volume  = {155},
  pages   = {289 - 294},
  issn    = {1877-0509},
  doi     = {https://doi.org/10.1016/j.procs.2019.08.041},
  url     = {http://www.sciencedirect.com/science/article/pii/S187705091930955X},
}

@Article{RIEGER2019175,
  author  = {Christoph Rieger and Tim A. Majchrzak},
  title   = {Towards the definitive evaluation framework for cross-platform app development approaches},
  journal = {Journal of Systems and Software},
  year    = {2019},
  volume  = {153},
  pages   = {175 - 199},
  issn    = {0164-1212},
  doi     = {https://doi.org/10.1016/j.jss.2019.04.001},
  url     = {http://www.sciencedirect.com/science/article/pii/S0164121219300743},
}

@InProceedings{10.1145/3274192.3274201,
  author    = {de Andrade Cardieri, Giulia and Zaina, Luciana Martinez},
  title     = {Analyzing User Experience in Mobile Web, Native and Progressive Web Applications: A User and HCI Specialist Perspectives},
  booktitle = {Proceedings of the 17th Brazilian Symposium on Human Factors in Computing Systems},
  year      = {2018},
  series    = {IHC 2018},
  publisher = {Association for Computing Machinery},
  location  = {Bel\'{e}m, Brazil},
  isbn      = {9781450366014},
  doi       = {10.1145/3274192.3274201},
  address   = {New York, NY, USA},
  articleno = {9},
  numpages  = {11},
}

@InProceedings{biorn2017,
  author    = {Bi{\o}rn-Hansen, Andreas and Majchrzak, Tim A and Gr{\o}nli, Tor-Morten},
  title     = {Progressive Web Apps: The Possible Web-native Unifier for Mobile Development.},
  booktitle = {WEBIST},
  year      = {2017},
  pages     = {344--351},
}

@WWW{angular-io,
  author    = {{Google LLC}},
  title     = {Angular},
  year      = {2020},
  url       = {https://angular.io/},
  urldate   = {2020-05-20},
  timestamp = {2020-05-20},
}

@WWW{typescript-org,
  author    = {Microsoft},
  title     = {Typescript - JavaScript that scales.},
  year      = {2020},
  url       = {https://www.typescriptlang.org/},
  urldate   = {2020-05-20},
  timestamp = {2020-05-20},
}

@WWW{crossload-org,
  author    = {{biblepool gUG}},
  title     = {Crossload - Deine Tankstelle für Wachstum im Glauben},
  year      = {2020},
  url       = {https://crossload.org/},
  urldate   = {2020-05-20},
  timestamp = {2020-05-20},
}

@WWW{opera-webkit,
  author    = {{Opera Software}},
  title     = {Opera gears up at 300 million users},
  year      = {2013},
  date      = {2013-02-13},
  url       = {https://press.opera.com/2013/02/13/opera-gears-up-at-300-million-users/},
  urldate   = {2020-05-23},
  timestamp = {2020-05-23},
}

@WWW{samsung-webkit,
  author    = {Daniel Appelquist},
  title     = {Samsung Internet 10.2 Beta},
  year      = {2019},
  date      = {2019-10-09},
  url       = {https://medium.com/samsung-internet-dev/samsung-internet-10-2-beta-d741ea15906d},
  urldate   = {2020-05-23},
  timestamp = {2020-05-23},
}

@WWW{edge-faq,
  author    = {Microsoft},
  title     = {Häufig gestellte Fragen (FAQs) für IT-Experten},
  year      = {2020},
  date      = {2020-03-06},
  url       = {https://docs.microsoft.com/de-de/microsoft-edge/deploy/microsoft-edge-faq},
  urldate   = {2020-05-23},
  timestamp = {2020-05-23},
}

@WWW{mdn-web-storage,
  title     = {Web Storage API},
  year      = {2020},
  date      = {2020-02-08},
  url       = {https://developer.mozilla.org/en-US/docs/Web/API/Web_Storage_API},
  urldate   = {2020-05-29},
  timestamp = {2020-05-29},
}

@WWW{w3-web-sql,
  author    = {Ian Hickson},
  title     = {Web SQL Database},
  year      = {2010},
  date      = {2010-11-18},
  url       = {https://www.w3.org/TR/webdatabase/},
  urldate   = {2020-05-29},
  timestamp = {2020-05-29},
}

@WWW{storage-for-the-web,
  author    = {Pete LePage},
  title     = {Storage for the web},
  year      = {2020},
  date      = {2020-04-27},
  url       = {https://web.dev/storage-for-the-web/},
  urldate   = {2020-05-29},
  timestamp = {2020-05-29},
}

@WWW{mdn-file-system,
  title     = {Introduction to the File and Directory Entries API},
  year      = {2019},
  date      = {2019-09-24},
  url       = {https://developer.mozilla.org/en-US/docs/Web/API/File_and_Directory_Entries_API/Introduction},
  urldate   = {2020-05-29},
  timestamp = {2020-05-29},
}

@WWW{caniuse-filesystem,
  title     = {Filesystem \& FileWriter API},
  url       = {https://caniuse.com/#feat=filesystem},
  urldate   = {2020-05-29},
  timestamp = {2020-05-29},
}

@WWW{mdn-indexeddb,
  title     = {IndexedDB Grundlagen},
  year      = {2020},
  date      = {2020-01-12},
  url       = {https://developer.mozilla.org/de/docs/Web/API/IndexedDB_API/Grundkonzepte_hinter_IndexedDB},
  urldate   = {2020-06-30},
  timestamp = {2020-06-30},
}

@WWW{mdn-indexeddb-api,
  title     = {IndexedDB},
  year      = {2020},
  date      = {2020-02-18},
  url       = {https://developer.mozilla.org/de/docs/Web/API/IndexedDB_API},
  urldate   = {2020-06-03},
  timestamp = {2020-06-03},
}

@WWW{mdn-cache-api,
  title     = {Cache - Web APIs},
  year      = {2020},
  date      = {2020-05-15},
  url       = {https://developer.mozilla.org/en-US/docs/Web/API/Cache},
  urldate   = {2020-06-04},
  timestamp = {2020-06-04},
}

@WWW{mdn-browser-storage-limit,
  title     = {Browser storage limits and eviction criteria},
  year      = {2019},
  date      = {2019-05-16},
  url       = {https://developer.mozilla.org/en-US/docs/Web/API/IndexedDB_API/Browser_storage_limits_and_eviction_criteria},
  urldate   = {2020-06-04},
  timestamp = {2020-06-04},
}

@WWW{mdn-storage-api,
  title     = {Storage API},
  year      = {2019},
  date      = {2019-05-18},
  url       = {https://developer.mozilla.org/en-US/docs/Web/API/Storage_API},
  urldate   = {2020-06-04},
  timestamp = {2020-06-04},
}

@WWW{mdn-fetch,
  title     = {Fetch API},
  year      = {2020},
  date      = {2020-04-19},
  url       = {https://developer.mozilla.org/en-US/docs/Web/API/Fetch_API},
  urldate   = {2020-06-08},
  timestamp = {2020-06-08},
}

@WWW{google-background-fetch,
  author    = {Jake Archibald},
  title     = {Introducing Background Fetch},
  year      = {2020},
  date      = {2018-12},
  url       = {https://developers.google.com/web/updates/2018/12/background-fetch},
  urldate   = {2020-06-08},
  timestamp = {2020-06-08},
}

@WWW{wicg-background-sync,
  author    = {Josh Karlin, Marijn Kruisselbrink},
  title     = {Web Background Synchronization},
  year      = {2020},
  date      = {2020-05-28},
  url       = {https://wicg.github.io/background-sync/spec/},
  urldate   = {2020-06-08},
  timestamp = {2020-06-08},
}

@WWW{caniuse-background-sync,
  title     = {Background Sync API},
  url       = {https://caniuse.com/#feat=background-sync},
  urldate   = {2020-06-08},
  timestamp = {2020-06-08},
}

@WWW{status-mozilla-background-sync,
  title     = {Firefox Platform Status},
  year      = {2020},
  date      = {2020-04-29},
  url       = {https://platform-status.mozilla.org/#background-sync},
  urldate   = {2020-06-08},
  timestamp = {2020-06-08},
}

@WWW{caniuse-online,
  title     = {Online/offline status},
  url       = {https://www.caniuse.com/#search=navigator.online},
  urldate   = {2020-06-09},
  timestamp = {2020-06-09},
}

@WWW{mdn-online,
  title     = {Online and offline events},
  year      = {2019},
  date      = {2019-03-23},
  url       = {https://developer.mozilla.org/en-US/docs/Web/API/NavigatorOnLine/Online_and_offline_events},
  urldate   = {2020-06-09},
  timestamp = {2020-06-09},
}

@WWW{angular-service-worker,
  title     = {Service worker configuration},
  year      = {2020},
  date      = {2020-06-08},
  url       = {https://angular.io/guide/service-worker-config},
  urldate   = {2020-06-12},
  timestamp = {2020-06-12},
}

@Comment{jabref-meta: databaseType:biblatex;}
